@book{Tu_DiffGeo,
    AUTHOR = {Tu, Loring W.},
     TITLE = {Differential geometry},
    SERIES = {Graduate Texts in Mathematics},
    VOLUME = {275},
      NOTE = {Connections, curvature, and characteristic classes},
 PUBLISHER = {Springer, Cham},
      YEAR = {2017},
     PAGES = {xvi+346},
      ISBN = {978-3-319-55082-4; 978-3-319-55084-8},
   MRCLASS = {53-01},
  MRNUMBER = {3585539},
       DOI = {10.1007/978-3-319-55084-8},
       URL = {https://doi.org/10.1007/978-3-319-55084-8},
}
@book{WangLiu_DiffGeo,
    AUTHOR = {王幼宁 and 刘继志},
   ADDRESS = {北京},
     TITLE = {微分几何讲义},
 PUBLISHER = {北京师范大学出版社},
      YEAR = {2017},
  LANGUAGE = {chinese}

}
@book{doCarmo_RiemGeo,
    AUTHOR = {do Carmo, Manfredo Perdig\~{a}o},
     TITLE = {Riemannian geometry},
    SERIES = {Mathematics: Theory \& Applications},
      NOTE = {Translated from the second Portuguese edition by Francis
              Flaherty},
 PUBLISHER = {Birkh\"{a}user Boston, Inc., Boston, MA},
      YEAR = {1992},
     PAGES = {xiv+300},
      ISBN = {0-8176-3490-8},
   MRCLASS = {53-01},
  MRNUMBER = {1138207},
MRREVIEWER = {Bang-yen Chen},
       DOI = {10.1007/978-1-4757-2201-7},
       URL = {https://doi.org/10.1007/978-1-4757-2201-7},
}
@book{Euclid_Elem,
  author         = {欧几里得},
  editor         = {兰纪正 and 朱恩宽},
  editortype     = {译},
  publisher      = {陕西科学技术出版社},
  address        = {西安},
  title          = {几何原本},
  year           = {2003},
  language       = {chinese}
}
@article{Klein_Erlangen,
    AUTHOR = {Klein, Felix},
     TITLE = {Vergleichende {B}etrachtungen \"{u}ber neuere geometrische
              {F}orschungen},
   JOURNAL = {Math. Ann.},
  FJOURNAL = {Mathematische Annalen},
    VOLUME = {43},
      YEAR = {1893},
    NUMBER = {1},
     PAGES = {63--100},
      ISSN = {0025-5831},
   MRCLASS = {DML},
  MRNUMBER = {1510801},
       DOI = {10.1007/BF01446615},
       URL = {https://doi.org/10.1007/BF01446615},
}